@misc{petrosyan2021relativistic,
      title={Relativistic Langevin Equation derived from a particle-bath Lagrangian}, 
      author={Aleksandr Petrosyan and Alessio Zaccone},
      year={2021},
      eprint={2107.07205},
      archivePrefix={arXiv},
      primaryClass={cond-mat.stat-mech}
}

@Article{sspr,
  author =		 {Aleksandr Petrosyan and William James Handley},
  title =		 {Accelerating Bayesian inference using Stochastic
                  Superpositional Prior Mixtures},
  journal =		 {Monthly Notices of the Royal Astronomical Society},
  year =		 {2021},
  url =			 {https://www.github.com/appetrosyan/LCDM-NS}
}



@Article{sspr-joss,
  author =		 {Aleksandr Petrosyan and William James Handley},
  title =		 {SuperNest: Stochastic superpositional mixtures for
                  Bayesian inference },
  journal =		 {Jounral of OpenSource Software},
  year =		 {2020},
}


@MastersThesis{cpi,
  author =		 {Aleksandr Petrosyan},
  title =		 {Accelerated nested sampling for Cosmological
                  parameter estimation},
  school =		 {University of Cambridge},
  year =		 {2020},
}

